@book{tufte1983visual,
  title={The visual display of quantitative information},
  author={Tufte, E.R.},
  url={http://books.google.com.br/books?id=SqVpAAAAMAAJ},
  year={1983},
  publisher={Graphics Press}
}
@book{few2012show,
  title={Show Me the Numbers: Designing Tables and Graphs to Enlighten},
  author={Few, S.},
  isbn={9780970601971},
  url={http://books.google.com.br/books?id=1xiHLgEACAAJ},
  year={2012},
  publisher={ANALYTICS Press}
}
@book{Ward:2010:IDV:1893097,
 author = {Ward, Matthew and Grinstein, Georges and Keim, Daniel},
 title = {Interactive Data Visualization: Foundations, Techniques, and Applications},
 year = {2010},
 isbn = {1568814739, 9781568814735},
 publisher = {A. K. Peters, Ltd.},
 address = {Natick, MA, USA},
} 
@book{Fry:2008:VD:1482332,
 author = {Fry, Ben},
 title = {Visualizing Data},
 year = {2008},
 isbn = {978-0-596-51455-6},
 edition = {1st},
} 
@book{baumeister2011willpower,
  title={Willpower: Rediscovering the Greatest Human Strength},
  author={Baumeister, R.F. and Tierney, J.},
  isbn={9781101543771},
  url={http://books.google.ca/books?id=HpJ1bH3RLAsC},
  year={2011},
  publisher={Penguin Group US}
}
@book{steele2010beautiful,
  title={Beautiful Visualization},
  author={Steele, J. and Iliinsky, N.},
  isbn={9781449390686},
  series={Theory in practice series},
  url={http://books.google.com.br/books?id=TKh6fdlKwfMC},
  year={2010},
  publisher={O'Reilly Media}
}
@ONLINE{Brown:2010:Online,
author = {Brown, Robbie},
title = {http://www.nytimes.com/2010/05/30/us/30rig.html?pagewanted=all},
month = may,
year = {2010},
url = {http://www.nytimes.com/2010/05/30/us/30rig.html?pagewanted=all}
}
@ONLINE{Flot:Online,
author = {Schnur, Laursen },
title = {http://www.flotcharts.org/},
url = {http://www.flotcharts.org/}
}
@ONLINE{SVG:Online,
author = {W3C },
title = {http://www.w3.org/Graphics/SVG/},
url = {http://www.w3.org/Graphics/SVG/}
}
@ONLINE{worqx:Online,
author = {Janet Lynn},
title = {http://www.worqx.com/},
url = {http://www.worqx.com/}
}
@ONLINE{matplotlib:Online,
author = {John Hunter},
title = {http://www.matplotlib.org/},
url = {http://www.matplotlib.org/}
}
@ONLINE{graphviz:Online,
title = {http://www.graphviz.org/},
url = {http://www.graphviz.org/}
}
@ONLINE{perez:Online,
author = {Fernando perez},
title = {http://ipython.org/notebook.html},
url = {http://ipython.org/notebook.html}
}

@ONLINE{jqGrid:Online,
author = {Tony Tomov},
title = {http://www.trirand.com/jqgridwiki/doku.php},
url = {http://www.trirand.com/jqgridwiki/doku.php}
}

@ONLINE{SlickGrid:Online,
author = {Michael Leibman},
title = {https://github.com/mleibman/SlickGrid/wiki},
url = {https://github.com/mleibman/SlickGrid/wiki}
}

@ONLINE{pysvg:Online,
author = {Kerim and Jens},
title = {http://codeboje.de/pysvg/},
url = {http://codeboje.de/pysvg/}
}

@ONLINE{tinemce:Online,
author = {Moxiecode Systems AB},
title = {http://www.tinymce.com/},
url = {http://www.tinymce.com/}
}


@ONLINE{svgwrite:Online,
author = {Manfred Moitzi},
title = {http://readthedocs.org/docs/svgwrite/en/latest/},
url = {http://readthedocs.org/docs/svgwrite/en/latest/}
}


@ONLINE{PythonPD:Online,
author = {Luiz Eduardo Borges},
title = {http://ricardoduarte.github.io/python-para-desenvolvedores/},
url = {http://ricardoduarte.github.io/python-para-desenvolvedores/}
}

@article{1973,
 jstor_articletype = {research-article},
 title = {Graphs in Statistical Analysis},
 author = {Anscombe, F. J.},
 journal = {The American Statistician},
 jstor_issuetitle = {},
 volume = {27},
 number = {1},
 jstor_formatteddate = {Feb., 1973},
 pages = {pp. 17-21},
 url = {http://www.jstor.org/stable/2682899},
 ISSN = {00031305},
 abstract = {},
 language = {English},
 year = {1973},
 publisher = {American Statistical Association},
 copyright = {Copyright © 1973 American Statistical Association},
}

@ARTICLE{145468-PA,
    author = "Abelardo B. Barreto Jr. and Alvaro M.M. Peres; and Adolfo P. Pires",
    journal = "SPE Journal",
    title = "A Variable-Rate Solution to the Nonlinear Diffusivity Gas Equation by Use of Green's-Function Method",
    year = 2013,
    pages = "57—68",
    volume = 18,
    number = 1 }

@ARTICLE{142746-MS,
    author = "A. Barreto Jr., A. Peres,; A. Pires,",
    journal = "SPE Journal",
    title = "Water Injectivity Tests on Multilayered Oil Reservoirs",
    year = 2011,
}

@article{journals/tvcg/HealeyKRMA08,
  added-at = {2011-11-07T00:00:00.000+0100},
  author = {Healey, Christopher G. and Kocherlakota, Sarat and Rao, Vivek and Mehta, Reshma and Amant, Robert St.},
  biburl = {http://www.bibsonomy.org/bibtex/2fdc4c07d5b84ef707eaa61997fa76aa9/dblp},
  ee = {http://doi.ieeecomputersociety.org/10.1109/TVCG.2007.70436},
  interhash = {0b31e885f29e72b6eaea78858e33acdb},
  intrahash = {fdc4c07d5b84ef707eaa61997fa76aa9},
  journal = {IEEE Trans. Vis. Comput. Graph.},
  keywords = {dblp},
  number = 2,
  pages = {396-411},
  timestamp = {2011-11-07T00:00:00.000+0100},
  title = {Visual Perception and Mixed-Initiative Interaction for Assisted Visualization Design.},
  url = {http://dblp.uni-trier.de/db/journals/tvcg/tvcg14.html#HealeyKRMA08},
  volume = 14,
  year = 2008
}
@article{Cavanagh2005349,

title = "Tracking multiple targets with multifocal attention ",

journal = "Trends in Cognitive Sciences ",

volume = "9",

number = "7",

pages = "349 - 354",

year = "2005",

note = "",

issn = "1364-6613",

doi = "http://dx.doi.org/10.1016/j.tics.2005.05.009",

url = "http://www.sciencedirect.com/science/article/pii/S136466130500149X",

author = "Patrick Cavanagh and George A. Alvarez"

}

